% 可以从知网、万方一键导出BibTeX格式的文章信息并复制到这里。

@article {example,
author = {佚名作者},
title = {关于虚无课题开展的不存在研究},
journal = {未知刊物},
volume = {114},
number = {514},
pages = {19-810},
year = {2020},
month = {12},
}
